@misc{exampleWebsite,
  author = {Celia Te Cuida},
  title = {Celia Te Cuida - Elderly Care Platform},
  year = {2024},
  url = {https://celiatecuida.com/en/home_en/},
  note = {Accessed: 2024-11-02}
}

@misc{cardio_dataset,
    title = {Cardiovascular Disease Dataset},
    author = {Cole Welkins},
    year = {2023},
    howpublished = {\url{https://www.kaggle.com/datasets/colewelkins/cardiovascular-disease}},
    note = {Accessed: 2024-11-30}
}

@misc{diabetes_dataset,
    title = {Diabetes Prediction Dataset},
    author = {Mustafa Tez},
    year = {2023},
    howpublished = {\url{https://www.kaggle.com/datasets/iammustafatz/diabetes-prediction-dataset}},
    note = {Accessed: 2024-11-30}
}